<record><leader>00000cas a2200000 a 4500</leader><controlfield tag="001">24047820</controlfield><controlfield tag="008">910710d19741975azuwn ne      0   a0eng c</controlfield><datafield ind1=" " ind2=" " tag="010"><subfield code="a">sn 92000065 </subfield></datafield><datafield ind1=" " ind2=" " tag="040"><subfield code="a">AZU</subfield><subfield code="b">eng</subfield><subfield code="c">AZU</subfield><subfield code="d">NSD</subfield><subfield code="d">CVF</subfield><subfield code="d">OCLCQ</subfield><subfield code="d">OCLCF</subfield><subfield code="d">OCLCO</subfield></datafield><datafield ind1="1" ind2=" " tag="022"><subfield code="a">1061-804X</subfield><subfield code="l">1061-804X</subfield><subfield code="2">1</subfield></datafield><datafield ind1="1" ind2=" " tag="029"><subfield code="a">AU@</subfield><subfield code="b">000020710088</subfield></datafield><datafield ind1=" " ind2=" " tag="042"><subfield code="a">nsdp</subfield><subfield code="a">pcc</subfield></datafield><datafield ind1=" " ind2=" " tag="043"><subfield code="a">n-us-az</subfield></datafield><datafield ind1=" " ind2=" " tag="090"><subfield code="a">F819.P57</subfield><subfield code="b">N492</subfield></datafield><datafield ind1="0" ind2=" " tag="130"><subfield code="a">New times (Tempe, Ariz. : 1974 : Tucson ed.)</subfield></datafield><datafield ind1=" " ind2="0" tag="222"><subfield code="a">New times</subfield><subfield code="b">(Tempe, Ariz. 1974. Tucson ed.)</subfield></datafield><datafield ind1="1" ind2="0" tag="245"><subfield code="a">New times.</subfield></datafield><datafield ind1="1" ind2="3" tag="246"><subfield code="a">Tucson new times</subfield></datafield><datafield ind1=" " ind2=" " tag="250"><subfield code="a">Tucson ed.</subfield></datafield><datafield ind1=" " ind2=" " tag="260"><subfield code="a">Tempe, Ariz. :</subfield><subfield code="b">New Times,</subfield><subfield code="c">1974-1975.</subfield></datafield><datafield ind1=" " ind2=" " tag="300"><subfield code="a">v. :</subfield><subfield code="b">ill. ;</subfield><subfield code="c">43 cm.</subfield></datafield><datafield ind1=" " ind2=" " tag="310"><subfield code="a">Weekly (except biweekly June-Aug.)</subfield></datafield><datafield ind1="1" ind2=" " tag="362"><subfield code="a">Began in 1974.</subfield></datafield><datafield ind1="0" ind2=" " tag="362"><subfield code="a">-v. 6, no. 39 (July 30-Aug. 26, 1975).</subfield></datafield><datafield ind1=" " ind2=" " tag="580"><subfield code="a">Also published in a Phoenix ed. under the same title, -Aug. 26, 1975; and, in a campus ed. under the title: N.T. (Tempe, Ariz. : 1974), -Feb. 19, 1975, at which time this publication absorbed the campus ed.</subfield></datafield><datafield ind1=" " ind2=" " tag="580"><subfield code="a">Merged with: New Times (Tempe, Ariz. : 1974 : Phoenix ed.), to form: New times (Tempe, Ariz. : 1975).</subfield></datafield><datafield ind1=" " ind2=" " tag="588"><subfield code="a">Description based on : vol. 6, no. 2 (Aug. 28, 1974).</subfield></datafield><datafield ind1=" " ind2="0" tag="651"><subfield code="a">Tucson (Ariz.)</subfield><subfield code="v">Newspapers.</subfield></datafield><datafield ind1=" " ind2="7" tag="655"><subfield code="a">Newspapers.</subfield><subfield code="2">fast</subfield><subfield code="0">(OCoLC)fst01423814</subfield></datafield><datafield ind1=" " ind2="7" tag="651"><subfield code="a">Arizona</subfield><subfield code="z">Tucson.</subfield><subfield code="2">fast</subfield><subfield code="0">(OCoLC)fst01205454</subfield></datafield><datafield ind1=" " ind2=" " tag="752"><subfield code="a">United States</subfield><subfield code="b">Arizona</subfield><subfield code="c">Maricopa</subfield><subfield code="d">Tempe.</subfield></datafield><datafield ind1="1" ind2=" " tag="775"><subfield code="t">New Times (Tempe, Ariz. : 1974 : Phoenix ed.)</subfield><subfield code="x">1061-8058</subfield><subfield code="w">(DLC)sn 92000070</subfield><subfield code="w">(OCoLC)24047683</subfield></datafield><datafield ind1="1" ind2=" " tag="775"><subfield code="t">N.T. (Tempe, Ariz. : 1974)</subfield><subfield code="x">1061-8031</subfield><subfield code="w">(DLC)sn 92000075</subfield><subfield code="w">(OCoLC)17615989</subfield></datafield><datafield ind1="0" ind2="1" tag="780"><subfield code="t">New Times (Tempe, Ariz. : 1970)</subfield><subfield code="x">0047-9942</subfield><subfield code="w">(DLC)sn 92000080</subfield><subfield code="w">(OCoLC)3250658</subfield></datafield><datafield ind1="1" ind2="5" tag="780"><subfield code="t">N.T. (Tempe, Ariz. : 1974)</subfield><subfield code="g">Feb. 1975</subfield><subfield code="x">1061-8031</subfield><subfield code="w">(DLC)sn 92000075</subfield><subfield code="w">(OCoLC)17615989</subfield></datafield><datafield ind1="1" ind2="7" tag="785"><subfield code="t">New Times (Tempe, Ariz. : 1974 : Phoenix ed.)</subfield><subfield code="x">1061-8058</subfield><subfield code="w">(DLC)sn 92000070</subfield><subfield code="w">(OCoLC)24047683</subfield></datafield><datafield ind1="1" ind2="7" tag="785"><subfield code="t">New times (Tempe, Ariz. : 1975)</subfield><subfield code="x">1061-8066</subfield><subfield code="w">(DLC)sn 92000043</subfield><subfield code="w">(OCoLC)24047760</subfield></datafield></record>